@article{Franklin2014,
  author = {Franklin, J M and Schneeweiss, S and Polinski, J M and Rassen, J A},
  year =  {2014},
  title = {Plasmode simulation for the evaluation of pharmacoepidemiologic methods in complex healthcare databases},
  journal = {Computational Statistics \& Data Analysis},
  volume = {72},
  pages = {219--226},
  url = {http://doi.org/10.1016/j.csda.2013.10.018}
}

@article{Vaughan2009,
  author = {Vaughan, L K and Divers, J and Padilla, M and Redden, D T and Tiwari, H K and Pomp, D and Allison, D B},
  year = {2009},
  title = {The use of plasmodes as a supplement to simulations: A simple example evaluating individual admixture estimation methodologies},
  journal = {Computational Statistics \& Data Analysis},
  volume = {53},
  number = {5},
  pages = {1755--1766},
  url = {http://doi.org/10.1016/j.csda.2008.02.032}
}

@Article{Shotwell2015,
  Title                    = {Ciprofloxacin pharmacokinetics in critically ill patients receiving concomitant continuous venovenous hemodialysis.},
  Author                   = {Shotwell, Matthew S. and Madonia, Phillip N. and Connor, Michael J. and Amde, Milen and Salem, Charbel and Aduroja, Olufemi A. and Bauer, Seth R. and Groszek, Joseph J. and Fissell, William H.},
  Journal                  = {Am J Kidney Dis},
  Year                     = {2015},
  Number                   = {1},
  Pages                    = {173--175},
  Volume                   = {66}
}

@Article{Shotwell2016,
  Title                    = {Pharmacokinetics and Pharmacodynamics of Extended Infusion Versus Short Infusion Piperacillin-Tazobactam in Critically Ill Patients Undergoing CRRT.},
  Author                   = {Shotwell, Matthew S. and Nesbitt, Ross and Madonia, Phillip N. and Gould, Edward R. and Connor, Michael J. and Salem, Charbel and Aduroja, Olufemi A. and Amde, Milen and Groszek, Joseph J. and Wei, Peilin and Taylor, Maria E. and Tolwani, Ashita J. and Fissell, William H.},
  Journal                  = {Clin J Am Soc Nephrol},
  Year                     = {2016},
}

